%% This BibTeX bibliography file was created using BibDesk.
%% http://bibdesk.sourceforge.net/

%% Created for Kungang Zhang at 2020-03-09 15:41:52 -0500 


%% Saved with string encoding Unicode (UTF-8) 



@article{apley2016visualizing,
	Author = {Apley, Daniel W},
	Date-Added = {2020-03-09 15:41:51 -0500},
	Date-Modified = {2020-03-09 15:41:51 -0500},
	Journal = {arXiv preprint arXiv:1612.08468},
	Title = {Visualizing the effects of predictor variables in black box supervised learning models},
	Year = {2016}}

@article{shannon1948mathematical,
	Author = {Shannon, Claude E},
	Date-Added = {2020-02-23 23:16:58 -0600},
	Date-Modified = {2020-02-23 23:16:58 -0600},
	Journal = {Bell system technical journal},
	Number = {3},
	Pages = {379--423},
	Publisher = {Wiley Online Library},
	Title = {A mathematical theory of communication},
	Volume = {27},
	Year = {1948}}

@article{nelder1972generalized,
	Author = {Nelder, John Ashworth and Wedderburn, Robert WM},
	Date-Added = {2020-02-23 22:09:37 -0600},
	Date-Modified = {2020-02-23 22:09:37 -0600},
	Journal = {Journal of the Royal Statistical Society: Series A (General)},
	Number = {3},
	Pages = {370--384},
	Publisher = {Wiley Online Library},
	Title = {Generalized linear models},
	Volume = {135},
	Year = {1972}}

@article{box1976science,
	Author = {Box, George EP},
	Date-Added = {2020-02-23 02:28:23 -0600},
	Date-Modified = {2020-02-23 02:28:23 -0600},
	Journal = {Journal of the American Statistical Association},
	Number = {356},
	Pages = {791--799},
	Publisher = {Taylor \& Francis},
	Title = {Science and statistics},
	Volume = {71},
	Year = {1976}}

@inproceedings{donoho2004early,
	Author = {Donoho, Steve},
	Booktitle = {Proceedings of the tenth ACM SIGKDD international conference on Knowledge discovery and data mining},
	Date-Added = {2020-02-22 21:15:37 -0600},
	Date-Modified = {2020-02-22 21:15:37 -0600},
	Pages = {420--429},
	Title = {Early detection of insider trading in option markets},
	Year = {2004}}

@inproceedings{kukar2003drifting,
	Author = {Kukar, Matja{\v{z}}},
	Booktitle = {Conference on Artificial Intelligence in Medicine in Europe},
	Date-Added = {2020-02-22 21:15:03 -0600},
	Date-Modified = {2020-02-22 21:15:03 -0600},
	Organization = {Springer},
	Pages = {355--364},
	Title = {Drifting concepts as hidden factors in clinical studies},
	Year = {2003}}

@article{widmer1996learning,
	Author = {Widmer, Gerhard and Kubat, Miroslav},
	Date-Added = {2020-02-22 21:14:33 -0600},
	Date-Modified = {2020-02-22 21:14:33 -0600},
	Journal = {Machine learning},
	Number = {1},
	Pages = {69--101},
	Publisher = {Springer},
	Title = {Learning in the presence of concept drift and hidden contexts},
	Volume = {23},
	Year = {1996}}

@article{vzliobaite2012beating,
	Author = {{\v{Z}}liobait{\.e}, Indr{\.e} and Bakker, Jorn and Pechenizkiy, Mykola},
	Date-Added = {2020-02-22 21:13:59 -0600},
	Date-Modified = {2020-02-22 21:13:59 -0600},
	Journal = {Expert Systems with Applications},
	Number = {1},
	Pages = {806--815},
	Publisher = {Elsevier},
	Title = {Beating the baseline prediction in food sales: How intelligent an intelligent predictor is?},
	Volume = {39},
	Year = {2012}}

@inproceedings{pechenizkiy2005knowledge,
	Author = {Pechenizkiy, Mykola and Tsymbal, Alexey and Puuronen, Seppo and Shifrin, Michael and Alexandrova, Irina},
	Booktitle = {Biennial Conference on Professional Knowledge Management/Wissensmanagement},
	Date-Added = {2020-02-22 21:13:22 -0600},
	Date-Modified = {2020-02-22 21:13:22 -0600},
	Organization = {Springer},
	Pages = {360--372},
	Title = {Knowledge discovery from microbiology data: many-sided analysis of antibiotic resistance in nosocomial infections},
	Year = {2005}}

@inproceedings{hulten2001mining,
	Author = {Hulten, Geoff and Spencer, Laurie and Domingos, Pedro},
	Booktitle = {Proceedings of the seventh ACM SIGKDD international conference on Knowledge discovery and data mining},
	Date-Added = {2020-02-22 17:43:30 -0600},
	Date-Modified = {2020-02-22 17:43:30 -0600},
	Pages = {97--106},
	Title = {Mining time-changing data streams},
	Year = {2001}}

@article{crook1992degradation,
	Author = {Crook, Jonathan N and Thomas, Lyn C and Hamilton, Robert},
	Date-Added = {2020-02-22 17:12:09 -0600},
	Date-Modified = {2020-02-22 17:12:09 -0600},
	Journal = {IMA Journal of Management Mathematics},
	Number = {1},
	Pages = {111--123},
	Publisher = {Oxford University Press},
	Title = {The degradation of the scorecard over the business cycle},
	Volume = {4},
	Year = {1992}}

@article{fanaee2014event,
	Author = {Fanaee-T, Hadi and Gama, Joao},
	Date-Added = {2020-02-10 10:12:25 -0600},
	Date-Modified = {2020-02-10 10:12:25 -0600},
	Journal = {Progress in Artificial Intelligence},
	Number = {2-3},
	Pages = {113--127},
	Publisher = {Springer},
	Title = {Event labeling combining ensemble detectors and background knowledge},
	Volume = {2},
	Year = {2014}}

@techreport{shaheen2012public,
	Author = {Shaheen, Susan A and Martin, Elliot W and Cohen, Adam P and Finson, Rachel S and others},
	Date-Added = {2020-02-09 22:14:57 -0600},
	Date-Modified = {2020-02-09 22:14:57 -0600},
	Institution = {Mineta Transportation Institute},
	Title = {Public bikesharing In North America: early operator and user understanding.},
	Year = {2012}}

@article{chu1995mosum,
	Author = {Chu, Chia-Shang J and Hornik, Kurt and Kaun, Chung-Ming},
	Date-Added = {2019-06-05 17:03:50 +0000},
	Date-Modified = {2019-06-05 17:03:50 +0000},
	Journal = {Biometrika},
	Number = {3},
	Pages = {603--617},
	Publisher = {Oxford University Press},
	Title = {MOSUM tests for parameter constancy},
	Volume = {82},
	Year = {1995}}

@article{kuan1995generalized,
	Author = {Kuan, Chung-Ming and Hornik, Kurt},
	Date-Added = {2019-06-05 02:53:22 +0000},
	Date-Modified = {2019-06-05 02:53:22 +0000},
	Journal = {Econometric Reviews},
	Number = {2},
	Pages = {135--161},
	Publisher = {Taylor \&amp; Francis},
	Title = {The generalized fluctuation test: A unifying view},
	Volume = {14},
	Year = {1995}}

@article{brown1975techniques,
	Author = {Brown, Robert L and Durbin, James and Evans, James M},
	Date-Added = {2019-06-05 02:52:50 +0000},
	Date-Modified = {2019-06-05 02:52:50 +0000},
	Journal = {Journal of the Royal Statistical Society: Series B (Methodological)},
	Number = {2},
	Pages = {149--163},
	Publisher = {Wiley Online Library},
	Title = {Techniques for testing the constancy of regression relationships over time},
	Volume = {37},
	Year = {1975}}

@article{webb2018analyzing,
	Author = {Webb, Geoffrey I and Lee, Loong Kuan and Goethals, Bart and Petitjean, Fran{\c{c}}ois},
	Date-Added = {2019-04-25 05:43:19 +0000},
	Date-Modified = {2019-04-25 05:43:19 +0000},
	Journal = {Data Mining and Knowledge Discovery},
	Number = {5},
	Pages = {1179--1199},
	Publisher = {Springer},
	Title = {Analyzing concept drift and shift from sample data},
	Volume = {32},
	Year = {2018}}

@article{webb2017understanding,
	Author = {Webb, Geoffrey I and Lee, Loong Kuan and Petitjean, Fran{\c{c}}ois and Goethals, Bart},
	Date-Added = {2019-04-25 05:43:19 +0000},
	Date-Modified = {2019-04-25 05:43:19 +0000},
	Journal = {arXiv preprint arXiv:1704.00362},
	Title = {Understanding concept drift},
	Year = {2017}}

@article{webb2016characterizing,
	Author = {Webb, Geoffrey I and Hyde, Roy and Cao, Hong and Nguyen, Hai Long and Petitjean, Francois},
	Date-Added = {2019-04-25 05:43:19 +0000},
	Date-Modified = {2019-04-25 05:43:19 +0000},
	Journal = {Data Mining and Knowledge Discovery},
	Number = {4},
	Pages = {964--994},
	Publisher = {Springer},
	Title = {Characterizing concept drift},
	Volume = {30},
	Year = {2016}}

@article{wang2018systematic,
	Author = {Wang, Shuo and Minku, Leandro L and Yao, Xin},
	Date-Added = {2019-04-25 05:43:19 +0000},
	Date-Modified = {2019-04-25 05:43:19 +0000},
	Journal = {IEEE transactions on neural networks and learning systems},
	Number = {99},
	Pages = {1--20},
	Publisher = {IEEE},
	Title = {A systematic study of online class imbalance learning with concept drift},
	Year = {2018}}

@article{vzliobaite2015evaluation,
	Author = {{\v{Z}}liobait{\.e}, Indr{\.e} and Bifet, Albert and Read, Jesse and Pfahringer, Bernhard and Holmes, Geoff},
	Date-Added = {2019-04-25 05:43:19 +0000},
	Date-Modified = {2019-04-25 05:43:19 +0000},
	Journal = {Machine Learning},
	Number = {3},
	Pages = {455--482},
	Publisher = {Springer},
	Title = {Evaluation methods and decision theory for classification of streaming data with temporal dependence},
	Volume = {98},
	Year = {2015}}

@article{tsymbal2008dynamic,
	Author = {Tsymbal, Alexey and Pechenizkiy, Mykola and Cunningham, P{\'a}draig and Puuronen, Seppo},
	Date-Added = {2019-04-25 05:43:19 +0000},
	Date-Modified = {2019-04-25 05:43:19 +0000},
	Journal = {Information fusion},
	Number = {1},
	Pages = {56--68},
	Publisher = {Elsevier},
	Title = {Dynamic integration of classifiers for handling concept drift},
	Volume = {9},
	Year = {2008}}

@article{tsymbal2004problem,
	Author = {Tsymbal, Alexey},
	Date-Added = {2019-04-25 05:43:19 +0000},
	Date-Modified = {2019-04-25 05:43:19 +0000},
	Journal = {Computer Science Department, Trinity College Dublin},
	Number = {2},
	Publisher = {Citeseer},
	Title = {The problem of concept drift: definitions and related work},
	Volume = {106},
	Year = {2004}}

@article{tennant2017scalable,
	Author = {Tennant, Mark and Stahl, Frederic and Rana, Omer and Gomes, Jo{\~a}o B{\'a}rtolo},
	Date-Added = {2019-04-25 05:43:19 +0000},
	Date-Modified = {2019-04-25 05:43:19 +0000},
	Journal = {Future Generation Computer Systems},
	Pages = {187--199},
	Publisher = {Elsevier},
	Title = {Scalable real-time classification of data streams with concept drift},
	Volume = {75},
	Year = {2017}}

@article{tasche2017fisher,
	Author = {Tasche, Dirk},
	Date-Added = {2019-04-25 05:43:19 +0000},
	Date-Modified = {2019-04-25 05:43:19 +0000},
	Journal = {The Journal of Machine Learning Research},
	Number = {1},
	Pages = {3338--3369},
	Publisher = {JMLR. org},
	Title = {Fisher consistency for prior probability shift},
	Volume = {18},
	Year = {2017}}

@article{straat2018statistical,
	Author = {Straat, Michiel and Abadi, Fthi and G{\"o}pfert, Christina and Hammer, Barbara and Biehl, Michael},
	Date-Added = {2019-04-25 05:43:19 +0000},
	Date-Modified = {2019-04-25 05:43:19 +0000},
	Journal = {Entropy},
	Number = {10},
	Pages = {775},
	Publisher = {Multidisciplinary Digital Publishing Institute},
	Title = {Statistical mechanics of on-line learning under concept drift},
	Volume = {20},
	Year = {2018}}

@article{shin2017cusum,
	Author = {Shin, Dong Wan and Hwang, Eunju},
	Date-Added = {2019-04-25 05:43:19 +0000},
	Date-Modified = {2019-04-25 05:43:19 +0000},
	Journal = {Journal of the Korean Statistical Society},
	Number = {1},
	Pages = {70--77},
	Publisher = {Elsevier},
	Title = {A CUSUM test for panel mean change detection},
	Volume = {46},
	Year = {2017}}

@article{sethi2018handling,
	Author = {Sethi, Tegjyot Singh and Kantardzic, Mehmed},
	Date-Added = {2019-04-25 05:43:19 +0000},
	Date-Modified = {2019-04-25 05:43:19 +0000},
	Journal = {Expert Systems with Applications},
	Pages = {18--40},
	Publisher = {Elsevier},
	Title = {Handling adversarial concept drift in streaming data},
	Volume = {97},
	Year = {2018}}

@article{sethi2017reliable,
	Author = {Sethi, Tegjyot Singh and Kantardzic, Mehmed},
	Date-Added = {2019-04-25 05:43:19 +0000},
	Date-Modified = {2019-04-25 05:43:19 +0000},
	Journal = {Expert Systems with Applications},
	Pages = {77--99},
	Publisher = {Elsevier},
	Title = {On the reliable detection of concept drift from streaming unlabeled data},
	Volume = {82},
	Year = {2017}}

@article{sebastiao2017fading,
	Author = {Sebasti{\~a}o, Raquel and Gama, Jo{\~a}o and Mendon{\c{c}}a, Teresa},
	Date-Added = {2019-04-25 05:43:19 +0000},
	Date-Modified = {2019-04-25 05:43:19 +0000},
	Journal = {International Journal of Data Science and Analytics},
	Number = {3},
	Pages = {183--212},
	Publisher = {Springer},
	Title = {Fading histograms in detecting distribution and concept changes},
	Volume = {3},
	Year = {2017}}

@article{ryan2015semi,
	Author = {Ryan, Kenneth Joseph and Culp, Mark Vere},
	Date-Added = {2019-04-25 05:43:19 +0000},
	Date-Modified = {2019-04-25 05:43:19 +0000},
	Journal = {The Journal of Machine Learning Research},
	Number = {1},
	Pages = {3183--3217},
	Publisher = {JMLR. org},
	Title = {On semi-supervised linear regression in covariate shift problems},
	Volume = {16},
	Year = {2015}}

@article{ruano2018concept,
	Author = {Ruano-Ordas, David and Fdez-Riverola, Florentino and M{\'e}ndez, Jos{\'e} R},
	Date-Added = {2019-04-25 05:43:19 +0000},
	Date-Modified = {2019-04-25 05:43:19 +0000},
	Journal = {Information Sciences},
	Pages = {120--135},
	Publisher = {Elsevier},
	Title = {Concept drift in e-mail datasets: An empirical study with practical implications},
	Volume = {428},
	Year = {2018}}

@article{ross2012exponentially,
	Author = {Ross, Gordon J and Adams, Niall M and Tasoulis, Dimitris K and Hand, David J},
	Date-Added = {2019-04-25 05:43:19 +0000},
	Date-Modified = {2019-04-25 05:43:19 +0000},
	Journal = {Pattern recognition letters},
	Number = {2},
	Pages = {191--198},
	Publisher = {Elsevier},
	Title = {Exponentially weighted moving average charts for detecting concept drift},
	Volume = {33},
	Year = {2012}}

@article{raza2015ewma,
	Author = {Raza, Haider and Prasad, Girijesh and Li, Yuhua},
	Date-Added = {2019-04-25 05:43:19 +0000},
	Date-Modified = {2019-04-25 05:43:19 +0000},
	Journal = {Pattern Recognition},
	Number = {3},
	Pages = {659--669},
	Publisher = {Elsevier},
	Title = {EWMA model based shift-detection methods for detecting covariate shifts in non-stationary environments},
	Volume = {48},
	Year = {2015}}

@article{pratama2018evolving,
	Author = {Pratama, Mahardhika and Pedrycz, Witold and Lughofer, Edwin},
	Date-Added = {2019-04-25 05:43:19 +0000},
	Date-Modified = {2019-04-25 05:43:19 +0000},
	Journal = {IEEE Transactions on Fuzzy Systems},
	Number = {5},
	Pages = {2552--2567},
	Publisher = {IEEE},
	Title = {Evolving ensemble fuzzy classifier},
	Volume = {26},
	Year = {2018}}

@article{nguyen2015survey,
	Author = {Nguyen, Hai-Long and Woon, Yew-Kwong and Ng, Wee-Keong},
	Date-Added = {2019-04-25 05:43:19 +0000},
	Date-Modified = {2019-04-25 05:43:19 +0000},
	Journal = {Knowledge and information systems},
	Number = {3},
	Pages = {535--569},
	Publisher = {Springer},
	Title = {A survey on data stream clustering and classification},
	Volume = {45},
	Year = {2015}}

@article{mohamad2016active,
	Author = {Mohamad, Saad and Sayed-Mouchaweh, Moamar and Bouchachia, Abdelhamid},
	Date-Added = {2019-04-25 05:43:19 +0000},
	Date-Modified = {2019-04-25 05:43:19 +0000},
	Publisher = {Bournemouth University, Fern Barrow, Poole, Dorset, BH12 5BB, UK},
	Title = {Active Learning for Data Streams under Concept Drift and concept evolution.},
	Year = {2016}}

@article{mehta2017concept,
	Author = {Mehta, Shikha and others},
	Date-Added = {2019-04-25 05:43:19 +0000},
	Date-Modified = {2019-04-25 05:43:19 +0000},
	Journal = {Procedia computer science},
	Pages = {804--811},
	Publisher = {Elsevier},
	Title = {Concept drift in Streaming Data Classification: Algorithms, Platforms and Issues},
	Volume = {122},
	Year = {2017}}

@article{losing2018incremental,
	Author = {Losing, Viktor and Hammer, Barbara and Wersing, Heiko},
	Date-Added = {2019-04-25 05:43:19 +0000},
	Date-Modified = {2019-04-25 05:43:19 +0000},
	Journal = {Neurocomputing},
	Pages = {1261--1274},
	Publisher = {Elsevier},
	Title = {Incremental on-line learning: A review and comparison of state of the art algorithms},
	Volume = {275},
	Year = {2018}}

@article{lo2018temporal,
	Author = {Lo, Yung-Yin and Liao, Wanjiun and Chang, Cheng-Shang and Lee, Ying-Chin},
	Date-Added = {2019-04-25 05:43:19 +0000},
	Date-Modified = {2019-04-25 05:43:19 +0000},
	Journal = {IEEE Transactions on Computational Social Systems},
	Number = {1},
	Pages = {156--168},
	Publisher = {IEEE},
	Title = {Temporal matrix factorization for tracking concept drift in individual user preferences},
	Volume = {5},
	Year = {2018}}

@article{liu2018accumulating,
	Author = {Liu, Anjin and Lu, Jie and Liu, Feng and Zhang, Guangquan},
	Date-Added = {2019-04-25 05:43:19 +0000},
	Date-Modified = {2019-04-25 05:43:19 +0000},
	Journal = {Pattern Recognition},
	Pages = {256--272},
	Publisher = {Elsevier},
	Title = {Accumulating regional density dissimilarity for concept drift detection in data streams},
	Volume = {76},
	Year = {2018}}

@article{kuncheva2013change,
	Author = {Kuncheva, Ludmila I},
	Date-Added = {2019-04-25 05:43:19 +0000},
	Date-Modified = {2019-04-25 05:43:19 +0000},
	Journal = {IEEE Transactions on Knowledge and Data Engineering},
	Number = {5},
	Pages = {1175--1180},
	Publisher = {IEEE},
	Title = {Change detection in streaming multivariate data using likelihood detectors},
	Volume = {25},
	Year = {2013}}

@article{khamassi2018discussion,
	Author = {Khamassi, Imen and Sayed-Mouchaweh, Moamar and Hammami, Moez and Gh{\'e}dira, Khaled},
	Date-Added = {2019-04-25 05:43:19 +0000},
	Date-Modified = {2019-04-25 05:43:19 +0000},
	Journal = {Evolving systems},
	Number = {1},
	Pages = {1--23},
	Publisher = {Springer},
	Title = {Discussion and review on evolving data streams and concept drift adapting},
	Volume = {9},
	Year = {2018}}

@article{katakis2010tracking,
	Author = {Katakis, Ioannis and Tsoumakas, Grigorios and Vlahavas, Ioannis},
	Date-Added = {2019-04-25 05:43:19 +0000},
	Date-Modified = {2019-04-25 05:43:19 +0000},
	Journal = {Knowledge and Information Systems},
	Number = {3},
	Pages = {371--391},
	Publisher = {Springer},
	Title = {Tracking recurring contexts using ensemble classifiers: an application to email filtering},
	Volume = {22},
	Year = {2010}}

@article{katakis2009adaptive,
	Author = {Katakis, Ioannis and Tsoumakas, Grigorios and Banos, Evangelos and Bassiliades, Nick and Vlahavas, Ioannis},
	Date-Added = {2019-04-25 05:43:19 +0000},
	Date-Modified = {2019-04-25 05:43:19 +0000},
	Journal = {Journal of Intelligent Information Systems},
	Number = {2},
	Pages = {191--212},
	Publisher = {Springer},
	Title = {An adaptive personalized news dissemination system},
	Volume = {32},
	Year = {2009}}

@article{katakis2006dynamic,
	Author = {Katakis, Ioannis and Tsoumakas, Grigorios and Vlahavas, Ioannis},
	Date-Added = {2019-04-25 05:43:19 +0000},
	Date-Modified = {2019-04-25 05:43:19 +0000},
	Journal = {Knowledge Discovery from Data Streams},
	Pages = {107--116},
	Publisher = {Springer},
	Title = {Dynamic feature space and incremental feature selection for the classification of textual data streams},
	Year = {2006}}

@article{kadwe2015review,
	Author = {Kadwe, Yamini and Suryawanshi, Vaishali},
	Date-Added = {2019-04-25 05:43:19 +0000},
	Date-Modified = {2019-04-25 05:43:19 +0000},
	Journal = {IOSR J. Comput. Eng},
	Pages = {20--26},
	Title = {A review on concept drift},
	Volume = {17},
	Year = {2015}}

@article{hoens2012learning,
	Author = {Hoens, T Ryan and Polikar, Robi and Chawla, Nitesh V},
	Date-Added = {2019-04-25 05:43:19 +0000},
	Date-Modified = {2019-04-25 05:43:19 +0000},
	Journal = {Progress in Artificial Intelligence},
	Number = {1},
	Pages = {89--101},
	Publisher = {Springer},
	Title = {Learning from streaming data with concept drift and imbalance: an overview},
	Volume = {1},
	Year = {2012}}

@article{gonccalves2014comparative,
	Author = {Gon{\c{c}}alves Jr, Paulo M and de Carvalho Santos, Silas GT and Barros, Roberto SM and Vieira, Davi CL},
	Date-Added = {2019-04-25 05:43:19 +0000},
	Date-Modified = {2019-04-25 05:43:19 +0000},
	Journal = {Expert Systems with Applications},
	Number = {18},
	Pages = {8144--8156},
	Publisher = {Elsevier},
	Title = {A comparative study on concept drift detectors},
	Volume = {41},
	Year = {2014}}

@article{gonccalves2013rcd,
	Author = {Gon{\c{c}}Alves Jr, Paulo Mauricio and De Barros, Roberto Souto Maior},
	Date-Added = {2019-04-25 05:43:19 +0000},
	Date-Modified = {2019-04-25 05:43:19 +0000},
	Journal = {Pattern Recognition Letters},
	Number = {9},
	Pages = {1018--1025},
	Publisher = {Elsevier},
	Title = {RCD: A recurring concept drift framework},
	Volume = {34},
	Year = {2013}}

@article{gomes2017survey,
	Author = {Gomes, Heitor Murilo and Barddal, Jean Paul and Enembreck, Fabr{\'\i}cio and Bifet, Albert},
	Date-Added = {2019-04-25 05:43:19 +0000},
	Date-Modified = {2019-04-25 05:43:19 +0000},
	Journal = {ACM Computing Surveys (CSUR)},
	Number = {2},
	Pages = {23},
	Publisher = {ACM},
	Title = {A survey on ensemble learning for data stream classification},
	Volume = {50},
	Year = {2017}}

@article{garnett2008learning,
	Author = {Garnett, Roman and Roberts, Stephen J},
	Date-Added = {2019-04-25 05:43:19 +0000},
	Date-Modified = {2019-04-25 05:43:19 +0000},
	Journal = {Technical Report, Dept. of Engineering Science},
	Title = {Learning from data streams with concept drift},
	Year = {2008}}

@article{frias2015online,
	Author = {Fr{\'\i}as-Blanco, Isvani and del Campo-{\'A}vila, Jos{\'e} and Ramos-Jim{\'e}nez, Gonzalo and Morales-Bueno, Rafael and Ortiz-D{\'\i}az, Agust{\'\i}n and Caballero-Mota, Yail{\'e}},
	Date-Added = {2019-04-25 05:43:19 +0000},
	Date-Modified = {2019-04-25 05:43:19 +0000},
	Journal = {IEEE Transactions on Knowledge and Data Engineering},
	Number = {3},
	Pages = {810--823},
	Publisher = {IEEE},
	Title = {Online and non-parametric drift detection methods based on Hoeffding's bounds},
	Volume = {27},
	Year = {2015}}

@article{faithfull2019combining,
	Author = {Faithfull, William J and Rodr{\'\i}guez, Juan J and Kuncheva, Ludmila I},
	Date-Added = {2019-04-25 05:43:19 +0000},
	Date-Modified = {2019-04-25 05:43:19 +0000},
	Journal = {Information Fusion},
	Pages = {202--214},
	Publisher = {Elsevier},
	Title = {Combining univariate approaches for ensemble change detection in multivariate data},
	Volume = {45},
	Year = {2019}}

@article{escovedo2018detecta,
	Author = {Escovedo, Tatiana and Koshiyama, Adriano and da Cruz, Andre Abs and Vellasco, Marley},
	Date-Added = {2019-04-25 05:43:19 +0000},
	Date-Modified = {2019-04-25 05:43:19 +0000},
	Journal = {Applied Soft Computing},
	Pages = {119--133},
	Publisher = {Elsevier},
	Title = {DetectA: abrupt concept drift detection in non-stationary environments},
	Volume = {62},
	Year = {2018}}

@article{da2017multidimensional,
	Author = {da Costa, Fausto G and Duarte, Felipe SLG and Vallim, Rosane MM and de Mello, Rodrigo F},
	Date-Added = {2019-04-25 05:43:19 +0000},
	Date-Modified = {2019-04-25 05:43:19 +0000},
	Journal = {Expert Systems with Applications},
	Pages = {15--29},
	Publisher = {Elsevier},
	Title = {Multidimensional surrogate stability to detect data stream concept drift},
	Volume = {87},
	Year = {2017}}

@article{da2016using,
	Author = {da Costa, Fausto Guzzo and Rios, Ricardo Ara{\'u}jo and de Mello, Rodrigo Fernandes},
	Date-Added = {2019-04-25 05:43:19 +0000},
	Date-Modified = {2019-04-25 05:43:19 +0000},
	Journal = {Expert Systems with Applications},
	Pages = {39--50},
	Publisher = {Elsevier},
	Title = {Using dynamical systems tools to detect concept drift in data streams},
	Volume = {60},
	Year = {2016}}

@article{carcillo2018scarff,
	Author = {Carcillo, Fabrizio and Dal Pozzolo, Andrea and Le Borgne, Yann-A{\"e}l and Caelen, Olivier and Mazzer, Yannis and Bontempi, Gianluca},
	Date-Added = {2019-04-25 05:43:19 +0000},
	Date-Modified = {2019-04-25 05:43:19 +0000},
	Journal = {Information fusion},
	Pages = {182--194},
	Publisher = {Elsevier},
	Title = {Scarff: a scalable framework for streaming credit card fraud detection with spark},
	Volume = {41},
	Year = {2018}}

@article{box1992cumulative,
	Author = {Box, George and Ramirez, Jose},
	Date-Added = {2019-04-25 05:43:19 +0000},
	Date-Modified = {2019-04-25 05:43:19 +0000},
	Journal = {Quality and Reliability Engineering International},
	Number = {1},
	Pages = {17--27},
	Publisher = {Wiley Online Library},
	Title = {Cumulative score charts},
	Volume = {8},
	Year = {1992}}

@article{bhaduri2017novel,
	Author = {Bhaduri, Moinak and Zhan, Justin and Chiu, Carter and Zhan, Felix},
	Date-Added = {2019-04-25 05:43:19 +0000},
	Date-Modified = {2019-04-25 05:43:19 +0000},
	Journal = {IEEE Access},
	Pages = {15883--15892},
	Publisher = {IEEE},
	Title = {A novel online and non-parametric approach for drift detection in big data},
	Volume = {5},
	Year = {2017}}

@article{benczur2018online,
	Author = {Bencz{\'u}r, Andr{\'a}s A and Kocsis, Levente and P{\'a}lovics, R{\'o}bert},
	Date-Added = {2019-04-25 05:43:19 +0000},
	Date-Modified = {2019-04-25 05:43:19 +0000},
	Journal = {arXiv preprint arXiv:1802.05872},
	Title = {Online Machine Learning in Big Data Streams},
	Year = {2018}}

@article{barddal2017survey,
	Author = {Barddal, Jean Paul and Gomes, Heitor Murilo and Enembreck, Fabr{\'\i}cio and Pfahringer, Bernhard},
	Date-Added = {2019-04-25 05:43:19 +0000},
	Date-Modified = {2019-04-25 05:43:19 +0000},
	Journal = {Journal of Systems and Software},
	Pages = {278--294},
	Publisher = {Elsevier},
	Title = {A survey on feature drift adaptation: Definition, benchmark, challenges and future directions},
	Volume = {127},
	Year = {2017}}

@article{alippi2015change,
	Author = {Alippi, Cesare and Boracchi, Giacomo and Carrera, Diego and Roveri, Manuel},
	Date-Added = {2019-04-25 05:43:19 +0000},
	Date-Modified = {2019-04-25 05:43:19 +0000},
	Journal = {arXiv preprint arXiv:1510.04850},
	Title = {Change detection in multivariate datastreams: Likelihood and detectability loss},
	Year = {2015}}

@article{alippi2014detecting,
	Author = {Alippi, Cesare and Liu, Derong and Zhao, Dongbin and Bu, Li},
	Date-Added = {2019-04-25 05:43:19 +0000},
	Date-Modified = {2019-04-25 05:43:19 +0000},
	Journal = {IEEE Transactions on Systems, Man, and Cybernetics: Systems},
	Number = {3},
	Pages = {353--362},
	Publisher = {IEEE},
	Title = {Detecting and reacting to changes in sensing units: The active classifier case},
	Volume = {44},
	Year = {2014}}

@article{ahmadi2018modeling,
	Author = {Ahmadi, Zahra and Kramer, Stefan},
	Date-Added = {2019-04-25 05:43:19 +0000},
	Date-Modified = {2019-04-25 05:43:19 +0000},
	Journal = {Knowledge and Information Systems},
	Number = {1},
	Pages = {15--44},
	Publisher = {Springer},
	Title = {Modeling recurring concepts in data streams: a graph-based framework},
	Volume = {55},
	Year = {2018}}

@book{quionero2009dataset,
	Author = {Quionero-Candela, Joaquin and Sugiyama, Masashi and Schwaighofer, Anton and Lawrence, Neil D},
	Date-Added = {2019-04-25 05:43:19 +0000},
	Date-Modified = {2019-04-25 05:43:19 +0000},
	Publisher = {The MIT Press},
	Title = {Dataset shift in machine learning},
	Year = {2009}}

@inproceedings{zhang2011economically,
	Author = {Zhang, Pengwei and Su, Qin},
	Booktitle = {Artificial Intelligence, Management Science and Electronic Commerce (AIMSEC), 2011 2nd International Conference on},
	Date-Added = {2019-04-25 05:43:19 +0000},
	Date-Modified = {2019-04-25 05:43:19 +0000},
	Organization = {IEEE},
	Pages = {4828--4831},
	Title = {The economically designed control chart for short-run production based on Bayesian method},
	Year = {2011}}

@inproceedings{zadrozny2004learning,
	Author = {Zadrozny, Bianca},
	Booktitle = {Proceedings of the twenty-first international conference on Machine learning},
	Date-Added = {2019-04-25 05:43:19 +0000},
	Date-Modified = {2019-04-25 05:43:19 +0000},
	Organization = {ACM},
	Pages = {114},
	Title = {Learning and evaluating classifiers under sample selection bias},
	Year = {2004}}

@inproceedings{yu2017concept,
	Author = {Yu, Shujian and Abraham, Zubin},
	Booktitle = {Proceedings of the 2017 SIAM International Conference on Data Mining},
	Date-Added = {2019-04-25 05:43:19 +0000},
	Date-Modified = {2019-04-25 05:43:19 +0000},
	Organization = {SIAM},
	Pages = {768--776},
	Title = {Concept drift detection with hierarchical hypothesis testing},
	Year = {2017}}

@inproceedings{xu2017concept,
	Author = {Xu, Yunwen and Xu, Rui and Yan, Weizhong and Ardis, Paul},
	Booktitle = {2017 International Joint Conference on Neural Networks (IJCNN)},
	Date-Added = {2019-04-25 05:43:19 +0000},
	Date-Modified = {2019-04-25 05:43:19 +0000},
	Organization = {IEEE},
	Pages = {2104--2111},
	Title = {Concept drift learning with alternating learners},
	Year = {2017}}

@inproceedings{wang2015concept,
	Author = {Wang, Heng and Abraham, Zubin},
	Booktitle = {2015 International Joint Conference on Neural Networks (IJCNN)},
	Date-Added = {2019-04-25 05:43:19 +0000},
	Date-Modified = {2019-04-25 05:43:19 +0000},
	Organization = {IEEE},
	Pages = {1--9},
	Title = {Concept drift detection for streaming data},
	Year = {2015}}

@inproceedings{vzliobaite2011active,
	Author = {{\v{Z}}liobait{\.e}, Indr{\.e} and Bifet, Albert and Pfahringer, Bernhard and Holmes, Geoff},
	Booktitle = {Joint European Conference on Machine Learning and Knowledge Discovery in Databases},
	Date-Added = {2019-04-25 05:43:19 +0000},
	Date-Modified = {2019-04-25 05:43:19 +0000},
	Organization = {Springer},
	Pages = {597--612},
	Title = {Active learning with evolving streaming data},
	Year = {2011}}

@inproceedings{tsuda2003clustering,
	Author = {Tsuda, Koji and Kawanabe, Motoaki and M{\"u}ller, Klaus-Robert},
	Booktitle = {Advances in Neural Information Processing Systems},
	Date-Added = {2019-04-25 05:43:19 +0000},
	Date-Modified = {2019-04-25 05:43:19 +0000},
	Pages = {745--752},
	Title = {Clustering with the fisher score},
	Year = {2003}}

@inproceedings{sobolewski2013ldcnet,
	Author = {Sobolewski, Piotr and Wo{\'z}niak, Micha{\l}},
	Booktitle = {2013 IEEE Symposium on Computational Intelligence in Dynamic and Uncertain Environments (CIDUE)},
	Date-Added = {2019-04-25 05:43:19 +0000},
	Date-Modified = {2019-04-25 05:43:19 +0000},
	Organization = {IEEE},
	Pages = {68--75},
	Title = {LDCnet: minimizing the cost of supervision for various types of concept drift},
	Year = {2013}}

@inproceedings{saurav2018online,
	Author = {Saurav, Sakti and Malhotra, Pankaj and TV, Vishnu and Gugulothu, Narendhar and Vig, Lovekesh and Agarwal, Puneet and Shroff, Gautam},
	Booktitle = {Proceedings of the ACM India Joint International Conference on Data Science and Management of Data},
	Date-Added = {2019-04-25 05:43:19 +0000},
	Date-Modified = {2019-04-25 05:43:19 +0000},
	Organization = {ACM},
	Pages = {78--87},
	Title = {Online anomaly detection with concept drift adaptation using recurrent neural networks},
	Year = {2018}}

@inproceedings{raza2013ewma,
	Author = {Raza, Haider and Prasad, Girijesh and Li, Yuhua},
	Booktitle = {IFIP International Conference on Artificial Intelligence Applications and Innovations},
	Date-Added = {2019-04-25 05:43:19 +0000},
	Date-Modified = {2019-04-25 05:43:19 +0000},
	Organization = {Springer},
	Pages = {625--635},
	Title = {EWMA based two-stage dataset shift-detection in non-stationary environments},
	Year = {2013}}

@inproceedings{raza2013dataset,
	Author = {Raza, Haider and Prasad, Girijesh and Li, Yuhua},
	Booktitle = {Systems, Man, and Cybernetics (SMC), 2013 IEEE International Conference on},
	Date-Added = {2019-04-25 05:43:19 +0000},
	Date-Modified = {2019-04-25 05:43:19 +0000},
	Organization = {IEEE},
	Pages = {3151--3156},
	Title = {Dataset shift detection in non-stationary environments using EWMA charts},
	Year = {2013}}

@inproceedings{nishida2007detecting,
	Author = {Nishida, Kyosuke and Yamauchi, Koichiro},
	Booktitle = {International conference on discovery science},
	Date-Added = {2019-04-25 05:43:19 +0000},
	Date-Modified = {2019-04-25 05:43:19 +0000},
	Organization = {Springer},
	Pages = {264--269},
	Title = {Detecting concept drift using statistical testing},
	Year = {2007}}

@inproceedings{maciel2015lightweight,
	Author = {Maciel, Bruno Iran Ferreira and Santos, Silas Garrido Teixeira Carvalho and Barros, Roberto Souto Maior},
	Booktitle = {Tools with Artificial Intelligence (ICTAI), 2015 IEEE 27th International Conference on},
	Date-Added = {2019-04-25 05:43:19 +0000},
	Date-Modified = {2019-04-25 05:43:19 +0000},
	Organization = {IEEE},
	Pages = {1061--1068},
	Title = {A lightweight concept drift detection ensemble},
	Year = {2015}}

@inproceedings{lemaire2014survey,
	Author = {Lemaire, Vincent and Salperwyck, Christophe and Bondu, Alexis},
	Booktitle = {European Business Intelligence Summer School},
	Date-Added = {2019-04-25 05:43:19 +0000},
	Date-Modified = {2019-04-25 05:43:19 +0000},
	Organization = {Springer},
	Pages = {88--125},
	Title = {A survey on supervised classification on data streams},
	Year = {2014}}

@inproceedings{jordaney2017transcend,
	Author = {Jordaney, Roberto and Sharad, Kumar and Dash, Santanu K and Wang, Zhi and Papini, Davide and Nouretdinov, Ilia and Cavallaro, Lorenzo},
	Booktitle = {26th $\{$USENIX$\}$ Security Symposium ($\{$USENIX$\}$ Security 17)},
	Date-Added = {2019-04-25 05:43:19 +0000},
	Date-Modified = {2019-04-25 05:43:19 +0000},
	Pages = {625--642},
	Title = {Transcend: Detecting concept drift in malware classification models},
	Year = {2017}}

@inproceedings{haque2016efficient,
	Author = {Haque, Ahsanul and Khan, Latifur and Baron, Michael and Thuraisingham, Bhavani and Aggarwal, Charu},
	Booktitle = {2016 IEEE 32nd International Conference on Data Engineering (ICDE)},
	Date-Added = {2019-04-25 05:43:19 +0000},
	Date-Modified = {2019-04-25 05:43:19 +0000},
	Organization = {IEEE},
	Pages = {481--492},
	Title = {Efficient handling of concept drift and concept evolution over stream data},
	Year = {2016}}

@inproceedings{grossi2017kernel,
	Author = {Grossi, Valerio and Sperduti, Alessandro},
	Booktitle = {2017 International Joint Conference on Neural Networks (IJCNN)},
	Date-Added = {2019-04-25 05:43:19 +0000},
	Date-Modified = {2019-04-25 05:43:19 +0000},
	Organization = {IEEE},
	Pages = {3975--3982},
	Title = {A kernel-based ensemble classifier for evolving stream of trees with double concept drifting reaction},
	Year = {2017}}

@inproceedings{dos2016fast,
	Author = {dos Reis, Denis Moreira and Flach, Peter and Matwin, Stan and Batista, Gustavo},
	Booktitle = {Proceedings of the 22nd ACM SIGKDD International Conference on Knowledge Discovery and Data Mining},
	Date-Added = {2019-04-25 05:43:19 +0000},
	Date-Modified = {2019-04-25 05:43:19 +0000},
	Organization = {ACM},
	Pages = {1545--1554},
	Title = {Fast unsupervised online drift detection using incremental kolmogorov-smirnov test},
	Year = {2016}}

@inproceedings{dal2015credit,
	Author = {Dal Pozzolo, Andrea and Boracchi, Giacomo and Caelen, Olivier and Alippi, Cesare and Bontempi, Gianluca},
	Booktitle = {2015 international joint conference on Neural networks (IJCNN)},
	Date-Added = {2019-04-25 05:43:19 +0000},
	Date-Modified = {2019-04-25 05:43:19 +0000},
	Organization = {IEEE},
	Pages = {1--8},
	Title = {Credit card fraud detection and concept-drift adaptation with delayed supervised information},
	Year = {2015}}

@inproceedings{cavalcante2016fedd,
	Author = {Cavalcante, Rodolfo C and Minku, Leandro L and Oliveira, Adriano LI},
	Booktitle = {Neural Networks (IJCNN), 2016 International Joint Conference on},
	Date-Added = {2019-04-25 05:43:19 +0000},
	Date-Modified = {2019-04-25 05:43:19 +0000},
	Organization = {IEEE},
	Pages = {740--747},
	Title = {Fedd: Feature extraction for explicit concept drift detection in time series},
	Year = {2016}}

@inproceedings{carcillo2017assessment,
	Author = {Carcillo, Fabrizio and Le Borgne, Yann-A{\"e}l and Caelen, Olivier and Bontempi, Gianluca},
	Booktitle = {Data Science and Advanced Analytics (DSAA), 2017 IEEE International Conference on},
	Date-Added = {2019-04-25 05:43:19 +0000},
	Date-Modified = {2019-04-25 05:43:19 +0000},
	Organization = {IEEE},
	Pages = {631--639},
	Title = {An assessment of streaming active learning strategies for real-life credit card fraud detection},
	Year = {2017}}

@inproceedings{calandra2012learning,
	Author = {Calandra, Roberto and Raiko, Tapani and Deisenroth, Marc Peter and Pouzols, Federico Montesino},
	Booktitle = {International Conference on Artificial Neural Networks},
	Date-Added = {2019-04-25 05:43:19 +0000},
	Date-Modified = {2019-04-25 05:43:19 +0000},
	Organization = {Springer},
	Pages = {379--386},
	Title = {Learning deep belief networks from non-stationary streams},
	Year = {2012}}

@inproceedings{bifet2017classifier,
	Author = {Bifet, Albert},
	Booktitle = {International Conference on Artificial Intelligence and Soft Computing},
	Date-Added = {2019-04-25 05:43:19 +0000},
	Date-Modified = {2019-04-25 05:43:19 +0000},
	Organization = {Springer},
	Pages = {715--725},
	Title = {Classifier concept drift detection and the illusion of progress},
	Year = {2017}}

@inproceedings{bifet2007learning,
	Author = {Bifet, Albert and Gavalda, Ricard},
	Booktitle = {Proceedings of the 2007 SIAM international conference on data mining},
	Date-Added = {2019-04-25 05:43:19 +0000},
	Date-Modified = {2019-04-25 05:43:19 +0000},
	Organization = {SIAM},
	Pages = {443--448},
	Title = {Learning from time-changing data with adaptive windowing},
	Year = {2007}}

@inproceedings{becher2017exploring,
	Author = {Becher, Oliver and Hollink, Laura and Elliott, Desmond},
	Booktitle = {SEMANTICS Workshops},
	Date-Added = {2019-04-25 05:43:19 +0000},
	Date-Modified = {2019-04-25 05:43:19 +0000},
	Title = {Exploring Concept Representations for Concept Drift Detection.},
	Year = {2017}}

@inproceedings{barakat2016context,
	Author = {Barakat, Lida},
	Booktitle = {Proceedings of the 9th International Conference on Computer Recognition Systems CORES 2015},
	Date-Added = {2019-04-25 05:43:19 +0000},
	Date-Modified = {2019-04-25 05:43:19 +0000},
	Organization = {Springer},
	Pages = {383--393},
	Title = {A Context-Driven Data Weighting Approach for Handling Concept Drift in Classification},
	Year = {2016}}

@inproceedings{baena2006early,
	Author = {Baena-Garc{\i}a, Manuel and del Campo-{\'A}vila, Jos{\'e} and Fidalgo, Ra{\'u}l and Bifet, Albert and Gavalda, R and Morales-Bueno, R},
	Booktitle = {Fourth international workshop on knowledge discovery from data streams},
	Date-Added = {2019-04-25 05:43:19 +0000},
	Date-Modified = {2019-04-25 05:43:19 +0000},
	Pages = {77--86},
	Title = {Early drift detection method},
	Volume = {6},
	Year = {2006}}

@techreport{webber2017multi,
	Author = {Webber, Frederick C},
	Date-Added = {2019-04-25 05:43:19 +0000},
	Date-Modified = {2019-04-25 05:43:19 +0000},
	Institution = {AIR FORCE INSTITUTE OF TECHNOLOGY WRIGHT-PATTERSON AFB OH WRIGHT-PATTERSON~{\ldots}},
	Title = {Multi-Objective Reinforcement Learning with Concept Drift},
	Year = {2017}}

@inproceedings{katakis2008ensemble,
	Author = {Katakis, Ioannis and Tsoumakas, Grigorios and Vlahavas, Ioannis P},
	Booktitle = {ECAI},
	Date-Added = {2019-04-25 05:42:15 +0000},
	Date-Modified = {2019-04-25 05:42:15 +0000},
	Pages = {763--764},
	Title = {An ensemble of classifiers for coping with recurring contexts in data streams.},
	Year = {2008}}

@article{fong2015change,
	Author = {Fong, Youyi and Di, Chongzhi and Permar, Sallie},
	Date-Added = {2019-04-22 20:36:24 +0000},
	Date-Modified = {2019-04-22 20:36:24 +0000},
	Journal = {Statistics in medicine},
	Number = {9},
	Pages = {1483--1494},
	Publisher = {Wiley Online Library},
	Title = {Change point testing in logistic regression models with interaction term},
	Volume = {34},
	Year = {2015}}

@inproceedings{wang2003mining,
	Author = {Wang, Haixun and Fan, Wei and Yu, Philip S and Han, Jiawei},
	Booktitle = {Proceedings of the ninth ACM SIGKDD international conference on Knowledge discovery and data mining},
	Date-Added = {2019-04-05 18:46:06 +0000},
	Date-Modified = {2019-04-05 18:46:06 +0000},
	Organization = {AcM},
	Pages = {226--235},
	Title = {Mining concept-drifting data streams using ensemble classifiers},
	Year = {2003}}

@article{xia2009monitoring,
	Author = {Xia, Zhiming and Guo, Pengjiang and Zhao, Wenzhi},
	Date-Added = {2019-04-05 17:38:24 +0000},
	Date-Modified = {2019-04-05 17:38:24 +0000},
	Journal = {Communications in Statistics---Theory and Methods},
	Number = {11},
	Pages = {1927--1947},
	Publisher = {Taylor \&amp; Francis},
	Title = {Monitoring structural changes in generalized linear models},
	Volume = {38},
	Year = {2009}}

@article{zeileis2007generalized,
	Author = {Zeileis, Achim and Hornik, Kurt},
	Date-Added = {2019-04-03 21:46:40 +0000},
	Date-Modified = {2019-04-03 21:46:40 +0000},
	Journal = {Statistica Neerlandica},
	Number = {4},
	Pages = {488--508},
	Publisher = {Wiley Online Library},
	Title = {Generalized M-fluctuation tests for parameter instability},
	Volume = {61},
	Year = {2007}}

@article{zeileis2005unified,
	Author = {Zeileis, Achim},
	Date-Added = {2019-04-03 21:40:07 +0000},
	Date-Modified = {2019-04-03 21:40:07 +0000},
	Journal = {Econometric Reviews},
	Number = {4},
	Pages = {445--466},
	Publisher = {Taylor \&amp; Francis},
	Title = {A unified approach to structural change tests based on ML scores, F statistics, and OLS residuals},
	Volume = {24},
	Year = {2005}}

@article{bottou2018optimization,
	Author = {Bottou, L{\'e}on and Curtis, Frank E and Nocedal, Jorge},
	Date-Added = {2019-02-26 05:05:43 +0000},
	Date-Modified = {2019-02-26 05:05:43 +0000},
	Journal = {Siam Review},
	Number = {2},
	Pages = {223--311},
	Publisher = {SIAM},
	Title = {Optimization methods for large-scale machine learning},
	Volume = {60},
	Year = {2018}}

@phdthesis{barakat2018context,
	Author = {Barakat, Lida and Pavlidis, Nicos and Crone, Sven},
	Date-Added = {2018-11-19 14:49:07 +0000},
	Date-Modified = {2018-11-19 14:49:07 +0000},
	School = {Lancaster University},
	Title = {A context-aware approach for handling concept drift in classification},
	Year = {2018}}

@article{demvsar2018detecting,
	Author = {Dem{\v{s}}ar, Jaka and Bosni{\'c}, Zoran},
	Date-Added = {2018-06-26 19:07:23 +0000},
	Date-Modified = {2018-06-26 19:07:23 +0000},
	Journal = {Expert Systems with Applications},
	Pages = {546--559},
	Publisher = {Elsevier},
	Title = {Detecting concept drift in data streams using model explanation},
	Volume = {92},
	Year = {2018}}

@inproceedings{gama2004learning,
	Author = {Gama, Joao and Medas, Pedro and Castillo, Gladys and Rodrigues, Pedro},
	Booktitle = {Brazilian symposium on artificial intelligence},
	Date-Added = {2018-06-26 18:58:38 +0000},
	Date-Modified = {2018-06-26 18:58:38 +0000},
	Organization = {Springer},
	Pages = {286--295},
	Title = {Learning with drift detection},
	Year = {2004}}

@article{barros2018large,
	Author = {Barros, Roberto Souto Maior and Santos, Silas Garrido T Carvalho},
	Date-Added = {2018-06-26 18:53:47 +0000},
	Date-Modified = {2018-06-26 18:53:47 +0000},
	Journal = {Information Sciences},
	Pages = {348--370},
	Publisher = {Elsevier},
	Title = {A large-scale comparison of concept drift detectors},
	Volume = {451},
	Year = {2018}}

@inproceedings{pesaranghader2016fast,
	Author = {Pesaranghader, Ali and Viktor, Herna L},
	Booktitle = {Joint European Conference on Machine Learning and Knowledge Discovery in Databases},
	Date-Added = {2018-06-26 18:50:09 +0000},
	Date-Modified = {2018-06-26 18:50:09 +0000},
	Organization = {Springer},
	Pages = {96--111},
	Title = {Fast hoeffding drift detection method for evolving data streams},
	Year = {2016}}

@article{lee2000adaptive,
	Author = {Lee, Wenke and Stolfo, Salvatore J and Mok, Kui W},
	Date-Added = {2018-06-26 18:30:49 +0000},
	Date-Modified = {2018-06-26 18:30:49 +0000},
	Journal = {Artificial Intelligence Review},
	Number = {6},
	Pages = {533--567},
	Publisher = {Springer},
	Title = {Adaptive intrusion detection: A data mining approach},
	Volume = {14},
	Year = {2000}}

@incollection{vzliobaite2016overview,
	Author = {{\v{Z}}liobait{\.e}, Indr{\.e} and Pechenizkiy, Mykola and Gama, Joao},
	Booktitle = {Big Data Analysis: New Algorithms for a New Society},
	Date-Added = {2018-06-26 18:27:47 +0000},
	Date-Modified = {2018-06-26 18:27:47 +0000},
	Pages = {91--114},
	Publisher = {Springer},
	Title = {An overview of concept drift applications},
	Year = {2016}}

@inproceedings{koren2009collaborative,
	Author = {Koren, Yehuda},
	Booktitle = {Proceedings of the 15th ACM SIGKDD international conference on Knowledge discovery and data mining},
	Date-Added = {2018-06-26 18:19:04 +0000},
	Date-Modified = {2018-06-26 18:19:04 +0000},
	Organization = {ACM},
	Pages = {447--456},
	Title = {Collaborative filtering with temporal dynamics},
	Year = {2009}}

@inproceedings{carmona2010gnusmail,
	Author = {Carmona-Cejudo, Jos{\'e} M. and Baena-Garc{\'\i}a, Manuel and del Campo-{\'A}vila, Jos{\'e} and Morales-Bueno, Rafael and Bifet, Albert},
	Booktitle = {Frontiers in Artificial Intelligence and Applications 215},
	Keywords = {computer science, Machine learning, MOA, WEKA},
	Pages = {1141--1142},
	Publisher = {IOS Press},
	Title = {{GNUsmail}: {Open} framework for on-line email classification},
	Year = {2010}}

@book{bickel2015mathematical,
	Author = {Bickel, Peter J and Doksum, Kjell A},
	Date-Added = {2018-06-05 06:14:52 +0000},
	Date-Modified = {2018-06-05 06:14:52 +0000},
	Publisher = {CRC Press},
	Title = {Mathematical statistics: basic ideas and selected topics, volume I},
	Volume = {117},
	Year = {2015}}

@article{bui2018monitoring,
	Author = {Bui, Anh Tuan and Apley, Daniel W},
	Date-Added = {2018-06-04 21:15:10 +0000},
	Date-Modified = {2018-06-04 21:15:10 +0000},
	Journal = {Technometrics},
	Number = {1},
	Pages = {1--13},
	Publisher = {Taylor \&amp; Francis},
	Title = {A monitoring and diagnostic approach for stochastic textured surfaces},
	Volume = {60},
	Year = {2018}}

@book{montgomery2007introduction,
	Author = {Montgomery, Douglas C},
	Date-Added = {2018-05-30 22:53:34 +0000},
	Date-Modified = {2018-05-30 22:53:34 +0000},
	Publisher = {John Wiley \&amp; Sons},
	Title = {Introduction to statistical quality control},
	Year = {2007}}

@article{elwell2011incremental,
	Author = {Elwell, Ryan and Polikar, Robi},
	Date-Added = {2018-05-30 22:49:29 +0000},
	Date-Modified = {2018-05-30 22:49:29 +0000},
	Journal = {IEEE Transactions on Neural Networks},
	Number = {10},
	Pages = {1517--1531},
	Publisher = {IEEE},
	Title = {Incremental learning of concept drift in nonstationary environments},
	Volume = {22},
	Year = {2011}}

@article{vzliobaite2010learning,
	Author = {{\v{Z}}liobait{\.e}, Indr{\.e}},
	Date-Added = {2018-05-30 22:47:57 +0000},
	Date-Modified = {2018-05-30 22:47:57 +0000},
	Journal = {arXiv preprint arXiv:1010.4784},
	Title = {Learning under concept drift: an overview},
	Year = {2010}}

@article{im2012time,
	Author = {Im, JK and Apley, Daniel W and Qi, C and Shan, X},
	Date-Added = {2018-05-30 22:37:25 +0000},
	Date-Modified = {2018-05-30 22:37:25 +0000},
	Journal = {Journal of the Operational Research Society},
	Number = {3},
	Pages = {306--321},
	Publisher = {Springer},
	Title = {A time-dependent proportional hazards survival model for credit risk analysis},
	Volume = {63},
	Year = {2012}}

@article{moreno2012unifying,
	Author = {Moreno-Torres, Jose G and Raeder, Troy and Alaiz-Rodr{\'\i}Guez, Roc{\'\i}O and Chawla, Nitesh V and Herrera, Francisco},
	Date-Added = {2018-05-30 21:28:39 +0000},
	Date-Modified = {2018-05-30 21:28:39 +0000},
	Journal = {Pattern Recognition},
	Number = {1},
	Pages = {521--530},
	Publisher = {Elsevier},
	Title = {A unifying view on dataset shift in classification},
	Volume = {45},
	Year = {2012}}
