%% This BibTeX bibliography file was created using BibDesk.
%% http://bibdesk.sourceforge.net/

%% Created for Kungang Zhang at 2018-08-12 15:01:32 -0700 


%% Saved with string encoding Unicode (UTF-8) 



@inproceedings{turk1994zippered,
	Author = {Turk, Greg and Levoy, Marc},
	Booktitle = {Proceedings of the 21st annual conference on Computer graphics and interactive techniques},
	Date-Added = {2018-08-12 22:01:19 +0000},
	Date-Modified = {2018-08-12 22:01:19 +0000},
	Organization = {ACM},
	Pages = {311--318},
	Title = {Zippered polygon meshes from range images},
	Year = {1994}}

@inproceedings{krishnamurthy1996fitting,
	Author = {Krishnamurthy, Venkat and Levoy, Marc},
	Booktitle = {Proceedings of the 23rd annual conference on Computer graphics and interactive techniques},
	Date-Added = {2018-08-12 22:00:28 +0000},
	Date-Modified = {2018-08-12 22:00:28 +0000},
	Organization = {ACM},
	Pages = {313--324},
	Title = {Fitting smooth surfaces to dense polygon meshes},
	Year = {1996}}

@article{williams2007statistical,
	Author = {Williams, James D and Woodall, William H and Birch, Jeffrey B},
	Date-Added = {2018-08-12 21:15:56 +0000},
	Date-Modified = {2018-08-12 21:15:56 +0000},
	Journal = {Quality and Reliability Engineering International},
	Number = {8},
	Pages = {925--941},
	Publisher = {Wiley Online Library},
	Title = {Statistical monitoring of nonlinear product and process quality profiles},
	Volume = {23},
	Year = {2007}}

@inproceedings{venna2001neighborhood,
	Author = {Venna, Jarkko and Kaski, Samuel},
	Booktitle = {International Conference on Artificial Neural Networks},
	Date-Added = {2018-03-06 10:36:26 +0000},
	Date-Modified = {2018-03-06 10:36:26 +0000},
	Organization = {Springer},
	Pages = {485--491},
	Title = {Neighborhood preservation in nonlinear projection methods: An experimental study},
	Year = {2001}}

@inproceedings{scholkopf1997kernel,
	Author = {Sch{\"o}lkopf, Bernhard and Smola, Alexander and M{\"u}ller, Klaus-Robert},
	Booktitle = {International Conference on Artificial Neural Networks},
	Date-Added = {2018-03-06 09:42:49 +0000},
	Date-Modified = {2018-03-06 09:42:49 +0000},
	Organization = {Springer},
	Pages = {583--588},
	Title = {Kernel principal component analysis},
	Year = {1997}}

@article{hinton2006reducing,
	Author = {Hinton, Geoffrey E and Salakhutdinov, Ruslan R},
	Date-Added = {2018-03-06 09:37:52 +0000},
	Date-Modified = {2018-03-06 09:37:52 +0000},
	Journal = {science},
	Number = {5786},
	Pages = {504--507},
	Publisher = {American Association for the Advancement of Science},
	Title = {Reducing the dimensionality of data with neural networks},
	Volume = {313},
	Year = {2006}}

@article{belkin2003laplacian,
	Author = {Belkin, Mikhail and Niyogi, Partha},
	Date-Added = {2018-03-06 09:06:13 +0000},
	Date-Modified = {2018-03-06 09:06:13 +0000},
	Journal = {Neural computation},
	Number = {6},
	Pages = {1373--1396},
	Publisher = {MIT Press},
	Title = {Laplacian eigenmaps for dimensionality reduction and data representation},
	Volume = {15},
	Year = {2003}}

@article{donoho2003hessian,
	Author = {Donoho, David L and Grimes, Carrie},
	Date-Added = {2018-03-02 21:18:50 +0000},
	Date-Modified = {2018-03-02 21:18:50 +0000},
	Journal = {Proceedings of the National Academy of Sciences},
	Number = {10},
	Pages = {5591--5596},
	Publisher = {National Acad Sciences},
	Title = {Hessian eigenmaps: Locally linear embedding techniques for high-dimensional data},
	Volume = {100},
	Year = {2003}}

@article{maaten2008visualizing,
	Author = {Maaten, Laurens van der and Hinton, Geoffrey},
	Date-Added = {2018-02-28 22:18:34 +0000},
	Date-Modified = {2018-02-28 22:18:34 +0000},
	Journal = {Journal of machine learning research},
	Number = {Nov},
	Pages = {2579--2605},
	Title = {Visualizing data using t-SNE},
	Volume = {9},
	Year = {2008}}

@article{tenenbaum2000global,
	Author = {Tenenbaum, Joshua B and De Silva, Vin and Langford, John C},
	Date-Added = {2018-02-28 22:17:51 +0000},
	Date-Modified = {2018-02-28 22:17:51 +0000},
	Journal = {science},
	Number = {5500},
	Pages = {2319--2323},
	Publisher = {American Association for the Advancement of Science},
	Title = {A global geometric framework for nonlinear dimensionality reduction},
	Volume = {290},
	Year = {2000}}

@article{lawrence2005probabilistic,
	Author = {Lawrence, Neil},
	Date-Added = {2018-02-28 22:17:14 +0000},
	Date-Modified = {2018-02-28 22:17:14 +0000},
	Journal = {Journal of machine learning research},
	Number = {Nov},
	Pages = {1783--1816},
	Title = {Probabilistic non-linear principal component analysis with Gaussian process latent variable models},
	Volume = {6},
	Year = {2005}}

@article{shi2016discovering,
	Author = {Shi, Zhenyu and Apley, Daniel W and Runger, George C},
	Date-Added = {2018-02-28 22:16:10 +0000},
	Date-Modified = {2018-02-28 22:16:10 +0000},
	Journal = {Technometrics},
	Number = {3},
	Pages = {371--382},
	Publisher = {Taylor \&amp; Francis},
	Title = {Discovering the nature of variation in nonlinear profile data},
	Volume = {58},
	Year = {2016}}

@article{chow:68,
	Author = {C. K. Chow and C. N. Liu},
	Journal = {IEEE Transactions on Information Theory},
	Number = {3},
	Pages = {462--467},
	Title = {Approximating discrete probability distributions with dependence trees},
	Volume = {IT-14},
	Year = {1968}}

@book{pearl:88,
	Address = {San Mateo, CA},
	Author = {Judea Pearl},
	Publisher = {Morgan Kaufman Publishers},
	Title = {Probabilistic {R}easoning in {I}ntelligent {S}ystems: {N}etworks of {P}lausible {I}nference},
	Year = {1988}}
